@Article{paterek,
author = {Paterek, Arkadiusz},
year = {2007},
month = {01},
pages = {},
title = {Improving regularized singular value decomposition for collaborative filtering},
booktitle = {Proceedings of KDD Cup and Workshop}
}

@inproceedings{BPMF,
 author = {Salakhutdinov, Ruslan and Mnih, Andriy},
 title = {Bayesian Probabilistic Matrix Factorization Using Markov Chain Monte Carlo},
 booktitle = {Proceedings of the 25th International Conference on Machine Learning},
 series = {ICML '08},
 year = {2008},
 pages = {880--887},
 publisher = {ACM},
 address = {New York, NY, USA},
} 

@inproceedings{npca,
  author={Kai Yu and Shenghuo Zhu and John D. Lafferty and Yihong Gong},
  title={Fast nonparametric matrix factorization for large-scale collaborative filtering},
  booktitle={SIGIR},
  year={2009}
}


