
@Article{paterek,
author = {Paterek, Arkadiusz},
year = {2007},
month = {01},
pages = {},
title = {Improving regularized singular value decomposition for collaborative filtering},
booktitle = {Proceedings of KDD Cup and Workshop}
}

@inproceedings{Yu2009FastNM,
  title={Fast nonparametric matrix factorization for large-scale collaborative filtering},
  author={Kai Yu and Shenghuo Zhu and John D. Lafferty and Yihong Gong},
  booktitle={SIGIR},
  year={2009}
}

@inproceedings{Salakhutdinov:2008:BPM:1390156.1390267,
 author = {Salakhutdinov, Ruslan and Mnih, Andriy},
 title = {Bayesian Probabilistic Matrix Factorization Using Markov Chain Monte Carlo},
 booktitle = {Proceedings of the 25th International Conference on Machine Learning},
 series = {ICML '08},
 year = {2008},
 isbn = {978-1-60558-205-4},
 location = {Helsinki, Finland},
 pages = {880--887},
 numpages = {8},
 url = {http://doi.acm.org/10.1145/1390156.1390267},
 doi = {10.1145/1390156.1390267},
 acmid = {1390267},
 publisher = {ACM},
 address = {New York, NY, USA},
} 