@article{comparative,
  author    = {Joonseok Lee and
               Mingxuan Sun and
               Guy Lebanon},
  title     = {A Comparative Study of Collaborative Filtering Algorithms},
  journal   = {CoRR},
  volume    = {abs/1205.3193},
  year      = {2012},
  url       = {http://arxiv.org/abs/1205.3193},
  archivePrefix = {arXiv},
  eprint    = {1205.3193},
  timestamp = {Wed, 07 Jun 2017 14:40:27 +0200},
  biburl    = {https://dblp.org/rec/bib/journals/corr/abs-1205-3193},
  bibsource = {dblp computer science bibliography, https://dblp.org}
}

@inproceedings{Sarwar:2001:ICF:371920.372071,
  acmid = {372071},
  added-at = {2012-03-28T18:00:03.000+0200},
  address = {New York, NY, USA},
  author = {Sarwar, Badrul and Karypis, George and Konstan, Joseph and Riedl, John},
  biburl = {https://www.bibsonomy.org/bibtex/216f38785d7829500ed41c610a5eff9a2/wwatresearch},
  booktitle = {Proceedings of the 10th international conference on World Wide Web},
  doi = {10.1145/371920.372071},
  interhash = {043d1aaba0f0b8c01d84edd517abedaf},
  intrahash = {16f38785d7829500ed41c610a5eff9a2},
  isbn = {1-58113-348-0},
  keywords = {collaborative filtering item-based recommendation},
  location = {Hong Kong, Hong Kong},
  numpages = {11},
  pages = {285--295},
  publisher = {ACM},
  series = {WWW '01},
  timestamp = {2012-03-28T18:00:03.000+0200},
  title = {Item-based collaborative filtering recommendation algorithms},
  url = {http://doi.acm.org/10.1145/371920.372071},
  year = 2001
}



@article{DBLP:journals/corr/StrubMG16,
  author    = {Florian Strub and
               J{\'{e}}r{\'{e}}mie Mary and
               Romaric Gaudel},
  title     = {Hybrid Collaborative Filtering with Neural Networks},
  journal   = {CoRR},
  volume    = {abs/1603.00806},
  year      = {2016},
  url       = {http://arxiv.org/abs/1603.00806},
  archivePrefix = {arXiv},
  eprint    = {1603.00806},
  timestamp = {Wed, 07 Jun 2017 14:40:50 +0200},
  biburl    = {https://dblp.org/rec/bib/journals/corr/StrubMG16},
  bibsource = {dblp computer science bibliography, https://dblp.org}
}

@article{Kuchaiev2017TrainingDA,
  title={Training Deep AutoEncoders for Collaborative Filtering},
  author={Oleksii Kuchaiev and Boris Ginsburg},
  journal={CoRR},
  year={2017},
  volume={abs/1708.01715}
}

@Article{paterek,
author = {Paterek, Arkadiusz},
year = {2007},
month = {01},
pages = {},
title = {Improving regularized singular value decomposition for collaborative filtering},
booktitle = {Proceedings of KDD Cup and Workshop}
}

@article{Vincent:2010:SDA:1756006.1953039,
 author = {Vincent, Pascal and Larochelle, Hugo and Lajoie, Isabelle and Bengio, Yoshua and Manzagol, Pierre-Antoine},
 title = {Stacked Denoising Autoencoders: Learning Useful Representations in a Deep Network with a Local Denoising Criterion},
 journal = {J. Mach. Learn. Res.},
 issue_date = {3/1/2010},
 volume = {11},
 month = dec,
 year = {2010},
 issn = {1532-4435},
 pages = {3371--3408},
 numpages = {38},
 url = {http://dl.acm.org/citation.cfm?id=1756006.1953039},
 acmid = {1953039},
 publisher = {JMLR.org},
} 

@inproceedings{autorec,
 author = {Sedhain, Suvash and Menon, Aditya Krishna and Sanner, Scott and Xie, Lexing},
 title = {AutoRec: Autoencoders Meet Collaborative Filtering},
 booktitle = {Proceedings of the 24th International Conference on World Wide Web},
 series = {WWW '15 Companion},
 year = {2015},
 isbn = {978-1-4503-3473-0},
 location = {Florence, Italy},
 pages = {111--112},
 numpages = {2},
 url = {http://doi.acm.org/10.1145/2740908.2742726},
 doi = {10.1145/2740908.2742726},
 acmid = {2742726},
 publisher = {ACM},
 address = {New York, NY, USA},
 keywords = {autoencoders, collaborative filtering, recommender systems},
} 


@inproceedings{BPMF,
 author = {Salakhutdinov, Ruslan and Mnih, Andriy},
 title = {Bayesian Probabilistic Matrix Factorization Using Markov Chain Monte Carlo},
 booktitle = {Proceedings of the 25th International Conference on Machine Learning},
 series = {ICML '08},
 year = {2008},
 pages = {880--887},
 publisher = {ACM},
 address = {New York, NY, USA},
} 

@inproceedings{npca,
  author={Kai Yu and Shenghuo Zhu and John D. Lafferty and Yihong Gong},
  title={Fast nonparametric matrix factorization for large-scale collaborative filtering},
  booktitle={SIGIR},
  year={2009}
}

@inproceedings{Sarwar:2001:ICF:371920.372071,
 author = {Sarwar, Badrul and Karypis, George and Konstan, Joseph and Riedl, John},
 title = {Item-based Collaborative Filtering Recommendation Algorithms},
 booktitle = {Proceedings of the 10th International Conference on World Wide Web},
 series = {WWW '01},
 year = {2001},
 isbn = {1-58113-348-0},
 location = {Hong Kong, Hong Kong},
 pages = {285--295},
 numpages = {11},
 url = {http://doi.acm.org/10.1145/371920.372071},
 doi = {10.1145/371920.372071},
 acmid = {372071},
 publisher = {ACM},
 address = {New York, NY, USA},
} 






